@online{rfc,
	author={Internet Engineering Task Force},
	title={RFC 2631 - Diffie-Hellmann Key Agreement Method},
	url={https://tools.ietf.org/html/rfc2631},
	month={jun},
	year={1999},
	note = "[Online. Acedido em Março 2018]"
}

@online{ansi,
	author={American National Standards Institute},
	title={Agreement of Symmetric Keys Using Diffie-Hellman and MQV
Algorithms},
	url={ftp://ftp.iks-jena.de/mitarb/lutz/standards/ansi/X9/x942-05-21-98.pdf},
	month={may},
	year={1998},
	note = "[Online. Acedido em Março 2018]"
}

@online{fermat,
	author={Brilliant.org},
	title={Fermat's Little Theorem},
	url={https://brilliant.org/wiki/fermats-little-theorem/},
	month={jan},
	year={2018},
	note = "[Online. Acedido em Abril 2018]"
}

@online{euler,
	author={Wikipedia},
	title={Euler's Theorem},
	url={https://en.wikipedia.org/wiki/Euler%27s_theorem},
	month={apr},
	year={2018},
	note = "[Online. Acedido em Abril 2018]"
}
@online{miller,
	author={Ben Lynn},
	title={Number Theory - Primality Tests},
	url={https://crypto.stanford.edu/pbc/notes/numbertheory/millerrabin.html},
	note = "[Online. Acedido em Abril 2018]"
}