@misc{glossarios,
	author={{sharelatex.com}},
	title={{Glossaries}},
	howpublished = {\url{https://pt.sharelatex.com/learn/Glossaries}},
	note = "[Acedido em Novembro 2017]"
}

@misc{fontesSL,
	author={{sharelatex.com}},
	title={{Fonts}},
	howpublished = {\url{https://pt.sharelatex.com/learn/Font_sizes,_families,_and_styles}},
	note = "[Acedido em Novembro 2017]"
}

@misc{matematica,
	author={{sharelatex.com}},
	title={{Mathematical expressions}},
	howpublished = {\url{https://pt.sharelatex.com/learn/Mathematical_expressions}},
	note = "[Acedido em Novembro 2017]"
}

@misc{tabelas,
	author={{sharelatex.com}},
	title={{Tables}},
	howpublished = {\url{https://pt.sharelatex.com/learn/Tables}},
	note = "[Acedido em Novembro 2017]"
}

@misc{imagens,
	author={{sharelatex.com}},
	title={{Inserting Images}},
	howpublished = {\url{https://pt.sharelatex.com/learn/Inserting_Images}},
	note = "[Acedido em Novembro 2017]"
}

@misc{simbolos,
	author={{sharelatex.com}},
	title={{List of Greek letters and math symbols}},
	howpublished = {\url{https://pt.sharelatex.com/learn/List_of_Greek_letters_and_math_symbols}},
	note = "[Acedido em Novembro 2017]"
}

@misc{bibliografia,
	author={{sharelatex.com}},
	title={{Bibliography management in LaTeX}},
	howpublished = {\url{https://pt.sharelatex.com/learn/Bibliography_management_in_LaTeX}},
	note = "[Acedido em Novembro 2017]"
}

@misc{espacos,
	author={{sharelatex.com}},
	title={{Line breaks and blank spaces}},
	howpublished = {\url{https://pt.sharelatex.com/learn/Line_breaks_and_blank_spaces}},
	note = "[Acedido em Novembro 2017]"
}


@misc{estrutura,
	author={{en.wikibooks.org}},
	title={{LaTeX/Document Structure}},
	howpublished = {\url{https://en.wikibooks.org/wiki/LaTeX/Document_Structure}},
	note = "[Acedido em Novembro 2017]"
}

@misc{rodape,
	author={{en.wikibooks.org}},
	title={{LaTeX/Footnotes and Margin Notes}},
	howpublished = {\url{https://en.wikibooks.org/wiki/LaTeX/Footnotes_and_Margin_Notes}},
	note = "[Acedido em Novembro 2017]"
}

@misc{paragrafos,
	author={{en.wikibooks.org}},
	title={{LaTeX/Paragraph Formatting}},
	howpublished = {\url{https://en.wikibooks.org/wiki/LaTeX/Paragraph_Formatting}},
	note = "[Acedido em Novembro 2017]"
}

@misc{cores,
	author={{en.wikibooks.org}},
	title={{LaTeX/Colors}},
	howpublished = {\url{https://en.wikibooks.org/wiki/LaTeX/Colors}},
	note = "[Acedido em Novembro 2017]"
}

@misc{fontesWB,
	author={{en.wikibooks.org}},
	title={{LaTeX/Fonts}},
	howpublished = {\url{https://en.wikibooks.org/wiki/LaTeX/Fonts}},
	note = "[Acedido em Novembro 2017]"
}

@misc{guiao,
	author={{João Paulo Barraca, Diogo Gomes, André Zúquete, João Manuel
Rodrigues, António Adrego da Rocha, Tomás Oliveira e Silva, Sílvia Rodrigues e Óscar
Pereira}},
	title={{LABI Guião 3 - Produção de documentos com
LATEX}},
	howpublished = {\url{https://elearning.ua.pt}},
	note = "[Acedido em Novembro 2017]"
}